<?xml version="1.0" encoding="UTF-8"?><collection xmlns="http://www.loc.gov/MARC21/slim"><record><leader>00431nam--2200133-i-4500</leader><controlfield tag="001">000044941</controlfield><controlfield tag="002">20161230</controlfield><controlfield tag="005">20161230201044</controlfield><controlfield tag="008">060222s1000------------r-----000-0-eng-d</controlfield><datafield ind1=" " ind2=" " tag="080"><subfield code="a">621.381:621.396(043)</subfield></datafield><datafield ind1=" " ind2=" " tag="100"><subfield code="a">Tixier, Michel</subfield></datafield><datafield ind1=" " ind2=" " tag="245"><subfield code="a">Contribution a l`etude de la propagation des ondes radioelectriques de tres basse frequence rayonnees par l`eclair. these</subfield></datafield><datafield ind1=" " ind2=" " tag="260"><subfield code="a">Paris, L`Univ.De Poitiers, 1976, 195p</subfield></datafield><datafield ind1=" " ind2=" " tag="852"><subfield code="a">44881</subfield></datafield></record></collection>